@ONLINE{www:google_car,
	title = {{Google driverless car - Wikipedia, the free encyclopedia}},
	month = nov,
	year = {2013},
	howpublished = {\url{http://en.wikipedia.org/wiki/Google_car}}
}

@ONLINE{www:google_blind,
	title = {{Self-Driving Car Test: Steve Mahan - YouTube}},
	month = nov,
	year = {2013},
	howpublished = {\url{https://www.youtube.com/watch?v=cdgQpa1pUUE}}
}

@ONLINE{www:wired,
	title = {{Let the Robot Drive: The Autonomous Car of the Future Is Here | Wired Magazine | Wired.com}},
	month = nov,
	year = {2013},
	howpublished = {\url{http://www.wired.com/magazine/2012/01/ff_autonomouscars/all/}}
}

@ONLINE{www:huffington_post,
	title = {{No One Understands The Scariest, Most Dangerous Part Of A Self-Driving Car: Us}},
	month = nov,
	year = {2013},
	howpublished = {\url{http://www.huffingtonpost.com/2013/09/16/self-driving-car_n_3909069.html}}
}

@ONLINE{www:mercedes_attention_assist,
	title = {{Mercedes Safety: Attention Assist, Pre-Safe \& Distronic Plus | Mercedes-Benz}},
	month = nov,
	year = {2013},
	howpublished = {\url{http://www.mbusa.com/mercedes/benz/safety#module-3}}
}

@ONLINE{www:daimler_intelligent_drive,
	title = {{Intelligent Drive: networked with all senses | Daimler > Brands \& Products > Product Highlights > The new Mercedes-Benz S-Class}},
	month = nov,
	year = {2013},
	howpublished = {\url{https://www.daimler.com/dccom/0-5-1597521-1-1597533-1-0-0-1597522-0-0-135-0-0-0-0-0-0-0-0.html}}
}

@ARTICLE{cummings:authority,
	title = {{Shared Authority Concerns in Automated Driving Applications}},
	author = {Cummings, M.L. and J.C. Ryan},
	journal = {Humans and Automation Laboratory Working Paper}
}
